@article{Decorator-concept,
    title = {{decorator-concept}}
}