@online{dataset,
    author = {{Stack Overflow}},
    title = {Stack Overflow Annual Developer Survey},
    url = {https://drive.google.com/open?id=1QOmVDpd8hcVYqqUXDXf68UMDWQZP0wQV},
    year = {2019},
}